<?xml version="1.0" encoding="UTF-8"?><collection xmlns="http://www.loc.gov/MARC21/slim"><record><leader>00408nam--2200133-i-4500</leader><controlfield tag="001">000027876</controlfield><controlfield tag="002">20161230</controlfield><controlfield tag="005">20161230201037</controlfield><controlfield tag="008">060222s1000------------r-----000-0-eng-d</controlfield><datafield ind1=" " ind2=" " tag="100"><subfield code="a">Lederer, Edgar</subfield></datafield><datafield ind1=" " ind2=" " tag="245"><subfield code="a">Progres recents de la chromatographie. i-ere partie: chimie organique et biologique</subfield></datafield><datafield ind1=" " ind2=" " tag="260"><subfield code="a">Paris, Hermann &amp; Co., 1949, 146p</subfield></datafield><datafield ind1=" " ind2=" " tag="490"><subfield code="a">Actualites Scientifiques Et Industrielles</subfield></datafield><datafield ind1=" " ind2=" " tag="852"><subfield code="a">1701</subfield></datafield></record></collection>